@misc{cidr,
  title={Classless inter-domain routing (CIDR) and Notation for Beginners},
  howpublished={\url{https://whatismyipaddress.com/cidr}},
  note={Accessed: 2017-12-20}
}

@misc{botnetwikipedia,
  title={Botnet},
  howpublished={\url{https://en.wikipedia.org/wiki/Botnet}},
  note={Accessed: 2017-10-04}
}

@article{fedynyshyn2011detection,
  title={Detection and classification of different botnet C\&C channels},
  author={Fedynyshyn, Gregory and Chuah, Mooi and Tan, Gang},
  journal={Autonomic and trusted computing},
  pages={228--242},
  year={2011},
  publisher={Springer}
}

@article{dubendorfer2004analysis,
  title={Analysis of Internet Relay Chat Usage by DDoS Zombies},
  author={D{\"u}bendorfer, Thomas and Plattner, Bernhard},
  year={2004}
}

@inproceedings{nazario2008net,
  title={As the net churns: Fast-flux botnet observations},
  author={Nazario, Jose and Holz, Thorsten},
  booktitle={Malicious and Unwanted Software, 2008. MALWARE 2008. 3rd International Conference on},
  pages={24--31},
  year={2008},
  organization={IEEE}
}

@inproceedings{zhang2014iot,
  title={IoT security: ongoing challenges and research opportunities},
  author={Zhang, Zhi-Kai and Cho, Michael Cheng Yi and Wang, Chia-Wei and Hsu, Chia-Wei and Chen, Chong-Kuan and Shieh, Shiuhpyng},
  booktitle={Service-Oriented Computing and Applications (SOCA), 2014 IEEE 7th International Conference on},
  pages={230--234},
  year={2014},
  organization={IEEE}
}

@article{vermesan2011internet,
  title={Internet of things strategic research roadmap},
  author={Vermesan, Ovidiu and Friess, Peter and Guillemin, Patrick and Gusmeroli, Sergio and Sundmaeker, Harald and Bassi, Alessandro and Jubert, Ignacio Soler and Mazura, Margaretha and Harrison, Mark and Eisenhauer, Markus and others},
  journal={Internet of Things-Global Technological and Societal Trends},
  volume={1},
  pages={9--52},
  year={2011},
  publisher={Rivers Publishers Aalborg}
}

@mastersthesis{hole2017analysis,
  title={Analysis of security for IoT: A review of architecture and cryptographic algorithms},
  author={Hole, Christer Eriksen},
  year={2017},
  school={Universitetet i Agder; University of Agder}
}

@misc{f5article,
  title={The Hunt for IoT: The Rise of Thingbots},
  howpublished={\url{https://f5.com/labs/articles/threat-intelligence/ddos/the-hunt-for-iot-the-rise-of-thingbots}},
  note={Accessed: 2017-10-21}
}

@incollection{atluri2017botnets,
  title={Botnets Threat Analysis and Detection},
  author={Atluri, Anoop Chowdary and Tran, Vinh},
  booktitle={Information Security Practices},
  pages={7--28},
  year={2017},
  publisher={Springer}
}

@inproceedings{fabian2007my,
  title={My botnet is bigger than yours (maybe, better than yours): why size estimates remain challenging},
  author={Fabian, MARJZ and Terzis, Monrose Andreas},
  booktitle={Proceedings of the 1st USENIX Workshop on Hot Topics in Understanding Botnets, Cambridge, USA},
  year={2007}
}

@misc{symantecbotnetthreats,
  title={Four Ways Cybercriminals Profit from Botnets},
  howpublished={\url{https://www.symantec.com/connect/blogs/four-ways-cybercriminals-profit-botnets}},
  note={Accessed: 2017-10-23}
}

@article{goodman2017survey,
  title={A Survey of Advances in Botnet Technologies},
  author={Goodman, Nathan},
  journal={arXiv preprint arXiv:1702.01132},
  year={2017}
}

@inproceedings{sinha2010insights,
  title={Insights from the Analysis of the Mariposa Botnet},
  author={Sinha, Prosenjit and Boukhtouta, Amine and Belarde, Victor Heber and Debbabi, Mourad},
  booktitle={Risks and Security of Internet and Systems (CRiSIS), 2010 Fifth International Conference on},
  pages={1--9},
  year={2010},
  organization={IEEE}
}

@book{lee2007botnet,
  title={Botnet detection: countering the largest security threat},
  author={Lee, Wenke and Wang, Cliff and Dagon, David},
  year={2007},
  publisher={Springer Science \& Business Media}
}

@inproceedings{gu2008botsniffer,
  title={BotSniffer: Detecting Botnet Command and Control Channels in Network Traffic.},
  author={Gu, Guofei and Zhang, Junjie and Lee, Wenke},
  booktitle={NDSS},
  volume={8},
  pages={1--18},
  year={2008}
}

@inproceedings{braun2017system,
  title={A System to Save the Internet from the Malicious Internet of Things at Home},
  author={Braun, Lukas and Hof, Hans-Joachim},
  booktitle={submitted for â€œThe Eleventh International Conference on Emerging Security Information, Systems and Technologies, SECURWARE},
  year={2017}
}

@misc{zeusbotnet,
  title={Microsoft helps FPI in GameOver Zeus botnet cleanup},
  howpublished={\url{https://blogs.microsoft.com/blog/2014/06/02/microsoft-helps-fbi-in-gameover-zeus-botnet-cleanup/}},
  note={Accessed: 2017-10-26}
}

@article{douligeris2004ddos,
  title={DDoS attacks and defense mechanisms: classification and state-of-the-art},
  author={Douligeris, Christos and Mitrokotsa, Aikaterini},
  journal={Computer Networks},
  volume={44},
  number={5},
  pages={643--666},
  year={2004},
  publisher={Elsevier}
}

@misc{securebox,
  title={DDoS Attacks},
  howpublished={\url{https://securebox.comodo.com/ssl-sniffing/ddos-attacks/}},
  note={Accessed: 2017-10-26}
}

@misc{ddosattackevolution,
  title={DDoS attacks: the new cyber boogeyman},
  howpublished={\url{https://www.reveelium.com/en/ddos-attacks-the-cyber-boogeyman-part-i/}},
  note={Accessed: 2017-10-27}
}

@article{specht2003taxonomies,
  title={Taxonomies of distributed denial of service networks, attacks, tools and countermeasures},
  author={Specht, Stephen and Lee, Ruby},
  journal={Princeton University Technical Report CE-L2003-03},
  year={2003}
}

@misc{ddosincapsula,
  title={The Top 10 DDoS Attack Trends},
  howpublished={\url{https://www.imperva.com/docs/DS_Incapsula_The_Top_10_DDoS_Attack_Trends_ebook.pdf}},
  note={Accessed: 2017-10-27}
}

@article{gu2007denial,
  title={Denial of service attacks},
  author={Gu, Qijun and Liu, Peng},
  journal={Handbook of Computer Networks: Distributed Networks, Network Planning, Control, Management, and New Trends and Applications},
  volume={3},
  pages={454--468},
  year={2007}
}

@article{kolias2017ddos,
  title={DDoS in the IoT: Mirai and Other Botnets},
  author={Kolias, Constantinos and Kambourakis, Georgios and Stavrou, Angelos and Voas, Jeffrey},
  journal={Computer},
  volume={50},
  number={7},
  pages={80--84},
  year={2017},
  publisher={IEEE}
}

@misc{thingbots,
  title={Thingbots, the future of botnets in the Internet of things},
  howpublished={\url{https://securityintelligence.com/thingbots-the-future-of-botnets-in-the-internet-of-things/}},
  note={Accessed: 2017-11-02}
}

@article{angrishi2017turning,
  title={Turning Internet of Things (IoT) into Internet of Vulnerabilities (IoV): IoT Botnets},
  author={Angrishi, Kishore},
  journal={arXiv preprint arXiv:1702.03681},
  year={2017}
}

@misc{incapsulamirai,
  title={Breaking Down Mirai: An IoT DDoS Botnet Analysis},
  howpublished={\url{https://www.incapsula.com/blog/malware-analysis-mirai-ddos-botnet.html}},
  note={Accessed: 2017-11-02}
}

@article{aprilunderstanding,
  title={Understanding the Mirai Botnet},
  author={April, Manos Antonakakis Tim and Bailey, Michael and Bernhard, Matthew and Bursztein, Elie and Cochran, Jaime and Durumeric, Zakir and Halderman, J Alex and Invernizzi, Luca and Kallitsis, Michalis and Kumar, Deepak and others}
}

@misc{incapsulascanner,
  title={Mirai Scanner by Incapsula},
  howpublished={\url{https://www.incapsula.com/mirai-scanner/}},
  note={Accessed: 2017-11-07}
}

@misc{openbsdbcrypt,
	title={OpenBSD CVS log for src/lib/libc/crypt/bcrypt.c},
	howpublished={\url{https://cvsweb.openbsd.org/cgi-bin/cvsweb/src/lib/libc/crypt/bcrypt.c}},
	note={Accessed: 2018-02-15}
}

@misc{usabilitygov,
	title={Recruiting Usability Test Participants},
	howpublished={\url{https://www.usability.gov/how-to-and-tools/methods/recruiting-usability-test-participants.html}},
	note={Accessed: 2018-02-23}
}

@misc{extrememainstream,
	title={Stage 1 in the Design Thinking Process: Empathise with Your Users},
	howpublished={\url{https://www.interaction-design.org/literature/article/stage-1-in-the-design-thinking-process-empathise-with-your-users}},
	note={Accessed: 2018-02-23}
}
